<?xml version="1.0" encoding="UTF-8"?><record xmlns="http://www.loc.gov/MARC21/slim" xmlns:cinclude="http://apache.org/cocoon/include/1.0" xmlns:zs="http://www.loc.gov/zing/srw/">
  <leader>00403nz  a2200133n  4500</leader>
  <controlfield tag="001">no2010125367</controlfield>
  <controlfield tag="003">DLC</controlfield>
  <controlfield tag="005">20100805075452.0</controlfield>
  <controlfield tag="008">100803n| acannaabn          |n ana     c</controlfield>
  <datafield tag="010" ind1=" " ind2=" ">
    <subfield code="a">no2010125367</subfield>
  </datafield>
  <datafield tag="035" ind1=" " ind2=" ">
    <subfield code="a">(OCoLC)oca08580523</subfield>
  </datafield>
  <datafield tag="040" ind1=" " ind2=" ">
    <subfield code="a">MsUnWMC</subfield>
    <subfield code="b">eng</subfield>
    <subfield code="c">MsUnWMC</subfield>
  </datafield>
  <datafield tag="110" ind1="2" ind2=" ">
    <subfield code="a">Blues Vespers All Star Band</subfield>
  </datafield>
  <datafield tag="670" ind1=" " ind2=" ">
    <subfield code="a">Engelhart, B. Big blues for Little Bill [SR] 2009:</subfield>
    <subfield code="b">container (Blues Vespers All Star Band)</subfield>
  </datafield>
</record>